<record><leader>00000cas a2200000 a 4500</leader><controlfield tag="001">12145996</controlfield><controlfield tag="008">850612d19091911ksudr ne      0    0eng d</controlfield><datafield ind1=" " ind2=" " tag="010"><subfield code="a">sn 85030536 </subfield></datafield><datafield ind1=" " ind2=" " tag="040"><subfield code="a">KSH</subfield><subfield code="b">eng</subfield><subfield code="c">KSH</subfield><subfield code="d">NPT</subfield><subfield code="d">OCL</subfield><subfield code="d">OCLCQ</subfield></datafield><datafield ind1=" " ind2=" " tag="042"><subfield code="a">msc</subfield></datafield><datafield ind1="0" ind2="4" tag="245"><subfield code="a">The Chanute daily tribune and the Chanute sun.</subfield></datafield><datafield ind1="3" ind2="0" tag="246"><subfield code="a">Chanute daily tribune and the sun</subfield></datafield><datafield ind1=" " ind2=" " tag="260"><subfield code="a">Chanute, Kan. :</subfield><subfield code="b">Tribune Pub. Co.,</subfield><subfield code="c">1909-1911.</subfield></datafield><datafield ind1=" " ind2=" " tag="300"><subfield code="a">3 v. :</subfield><subfield code="b">ill. ;</subfield><subfield code="c">58 cm.</subfield></datafield><datafield ind1=" " ind2=" " tag="310"><subfield code="a">Daily (except Sunday)</subfield></datafield><datafield ind1="0" ind2=" " tag="362"><subfield code="a">Vol. 18, no. 72 (July 1, 1909)-v. 20, no. 28 (May 6, 1911).</subfield></datafield><datafield ind1=" " ind2=" " tag="500"><subfield code="a">Title varies slightly.</subfield></datafield><datafield ind1=" " ind2=" " tag="580"><subfield code="a">Issued also in weekly edition called: Chanute weekly tribune (Chanute, Kan. : 1906).</subfield></datafield><datafield ind1=" " ind2=" " tag="752"><subfield code="a">United States</subfield><subfield code="b">Kansas</subfield><subfield code="c">Neosho</subfield><subfield code="d">Chanute.</subfield></datafield><datafield ind1="1" ind2=" " tag="775"><subfield code="t">Chanute weekly tribune (Chanute, Kan. : 1906)</subfield><subfield code="w">(DLC)sn 85030547</subfield></datafield><datafield ind1="0" ind2="4" tag="780"><subfield code="t">Sun (Chanute, Kan.)</subfield><subfield code="w">(DLC)sn 85030550</subfield></datafield><datafield ind1="0" ind2="4" tag="780"><subfield code="t">Chanute daily tribune (Chanute, Kan. : 1906)</subfield><subfield code="w">(DLC)sn 85030535</subfield></datafield><datafield ind1="0" ind2="0" tag="785"><subfield code="t">Chanute daily tribune (Chanute, Kan. : 1911)</subfield><subfield code="w">(DLC)sn 85030537</subfield></datafield></record>